@online{a1,
	title = {Python},
	note = "\url{https://docs.python.org/3/}"
}

@online{a2,
	title     = "Python Basic Syntax",
	note = "\url{https://www.tutorialspoint.com/python/python_basic_syntax.htm}"
}

@online{a3,
	author = "ProgrammingKnowledge",
	title =  "{Python 3 Tutorial for Beginners}",
	note =  "\url{https://www.youtube.com/playlist?list=PLS1QulWo1RIYt4e0WnBp-ZjCNq8X0FX0J}"
}

@online{a4,
	title = "Flowchart Maker & Online Diagram Software",
	note = "\url{https://www.draw.io/}"
}
@online{a5,
	title = {How to Get Started with Github - Beginner Tutorial},
	note = "\url{https://www.youtube.com/watch?v=73I5dRucCds&spfreload=5}"
}
@online{a5,
	title = {Git tutorials},
	note = "\url{https://www.atlassian.com/git/tutorials}"
}

